@article{Artigo:arch,
     title = {Autoregressive Conditional Heteroscedasticity with Estimates of the Variance of United Kingdom Inflation},
     author = {Engle, Robert F.},
     journal = {Econometrica},
     address = {Hoboken, Nova Jérsei, EUA},
     volume = {50},
     number = {4},
     pages = {987-1007},
     ISSN = {00129682},
     year = {1982}
}  
%%%%%%%%%%%%%%%%%%%%%%%%%%%%%%%%%%%%%%%%%%%%%%%%%%%
@ARTICLE{Artigo:bordley1983,
author={Bordley, T.},
journal={Acoustics, Speech and Signal Processing, IEEE Transactions on},
title={Linear predictive coding of marine seismic data},
year={1983},
month={Aug},
volume={31},
number={4},
pages={828-835},
keywords={Data compression;Degradation;Dynamic range;Encoding;Linear predictive coding;Memory;Oceans;Rate-distortion;Sea surface;Seismology},
doi={10.1109/TASSP.1983.1164144},
address = {Tampa, Flórida, EUA},
ISSN={0096-3518}}
%%%%%%%%%%%%%%%%%%%%%%%%%%%%%%%%%%%%%%%%%%%%%%%%%%%
@ARTICLE{Artigo:CodigoHuffman,
author={Huffman, D.A.},
journal={Proceedings of the IRE},
title={A Method for the Construction of Minimum-Redundancy Codes},
address = {Nova Iorque, EUA},
year={1952},
volume={40},
number={9},
pages={1098-1101} }
%%%%%%%%%%%%%%%%%%%%%%%%%%%%%%%%%%%%%%%%%%%%%%%%%%%
@ARTICLE{Artigo:comparartransformadas,
author={Spanias, A.S. and Jonsson, S.B. and Stearns, Samuel D.},
journal={Geoscience and Remote Sensing, IEEE Transactions on},
title={Transform methods for seismic data compression},
year={1991},
month={May},
volume={29},
number={3},
pages={407-416},
address={Nova Iorque, EUA},
publisher={IEEE},
keywords={data compression;encoding;geophysical prospecting;geophysical techniques;geophysics computing;seismology;transforms;150 to 550 bit/s;DCT;DFT;Karhunen-Loeve transform;Walsh-Hadamard transform;discrete Fourier transform;discrete cosine transform;geophysics computing;measurement;seismic data compression;seismology;storage of seismic signals;technique;transform coding algorithms;transform method;Data compression;Discrete Fourier transforms;Discrete cosine transforms;Discrete transforms;Fourier transforms;Karhunen-Loeve transforms;Linear predictive coding;Prediction algorithms;Robustness;Transform coding},
doi={10.1109/36.79431},
ISSN={0196-2892}}
%%%%%%%%%%%%%%%%%%%%%%%%%%%%%%%%%%%%%%%%%%%%%%%%%%%
@INPROCEEDINGS{Artigo:dctruim,
author={Wenbo Wu and Zhigao Yang and Qianqing Qin and Fuxiang Hu},
booktitle={Geoscience and Remote Sensing Symposium, 2006. IGARSS 2006. IEEE International Conference on},
title={Adaptive Seismic Data Compression Using Wavelet Packets},
year={2006},
address={Denver, Colorado, EUA},
publisher={IEEE},
pages={787-789},
keywords={adaptive signal processing;data communication;data compression;geophysical signal processing;geophysical techniques;local area networks;seismology;adaptive seismic data compression;data reconstruction;data storage;data transfer;high compression algorithms;local area networks;local cosine transform;seismic data procession;seismic exploration;transmission bandwidth;wavelet packets;Data analysis;Data compression;Degradation;Digital arithmetic;Entropy;Image reconstruction;Quantization;Wavelet packets;Wavelet transforms;Workstations},
doi={10.1109/IGARSS.2006.202}}
%%%%%%%%%%%%%%%%%%%%%%%%%%%%%%%%%%%%%%%%%%%%%%%%%%%
@ARTICLE{Artigo:EntropiaShannon,
author={Claude Elwood Shannon},
journal={The Bell System Technical Journal},
title={A Mathematical Theory of Communication},
year={1948},
volume={27},
address={Nova Iorque, EUA},
publisher={AT\&T},
pages={379–423, 623–656},
doi={10.1109/JRPROC.1952.273898},
ISSN={0096-8390}}
%%%%%%%%%%%%%%%%%%%%%%%%%%%%%%%%%%%%%%%%%%%%%%%%%%%
@article{Artigo:garch,
    author = {Tim Bollerslev},
    title = {Generalized Autoregressive Conditional Heteroskedasticity},
    journal = {Journal Of Econometrics},
    address = {Amsterdã, Holanda},
    year = {1986},
    volume = {31},
    pages = {307--327}
}
%%%%%%%%%%%%%%%%%%%%%%%%%%%%%%%%%%%%%%%%%%%%%%%%%%%
@inproceedings{Artigo:gpurealtime,
 author = {O'Neil, Molly A. and Burtscher, Martin},
 title = {Floating-point Data Compression at 75 Gb/s on a GPU},
 booktitle = {Proceedings of the Fourth Workshop on General Purpose Processing on Graphics Processing Units},
 series = {GPGPU-4},
 year = {2011},
 isbn = {978-1-4503-0569-3},
 location = {Newport Beach, California},
 pages = {7:1--7:7},
 articleno = {7},
 numpages = {7},
 doi = {10.1145/1964179.1964189},
 acmid = {1964189},
 publisher = {ACM},
 address = {New York, NY, USA},
 keywords = {GPGPU, floating-point data, lossless data compression, real-time compression}
} 
%%%%%%%%%%%%%%%%%%%%%%%%%%%%%%%%%%%%%%%%%%%%%%%%%%%
@article {Artigo:joe,
author = {Bera, Anil K. and Higgins, Matthew L.},
title = {ARCH MODELS: PROPERTIES, ESTIMATION AND TESTING},
journal = {Journal of Economic Surveys},
volume = {7},
number = {4},
address = {Hoboken, Nova Jérsei, EUA},
publisher = {Blackwell Publishing Ltd},
issn = {1467-6419},
doi = {10.1111/j.1467-6419.1993.tb00170.x},
pages = {305--366},
year = {1993}
}
%%%%%%%%%%%%%%%%%%%%%%%%%%%%%%%%%%%%%%%%%%%%%%%%%%%
@INPROCEEDINGS{Artigo:lparmadenovo,
author={Nijim, Y.W. and Stearns, Samuel D. and Mikhael, W.B.},
booktitle={Circuits and Systems, 1997. ISCAS '97., Proceedings of 1997 IEEE International Symposium on},
title={Pole-zero modeling for the lossless compression of seismic signals},
year={1997},
month={Jun},
volume={4},
address={Hong Kong},
publisher={IEEE},
pages={2537-2540 vol.4},
keywords={arithmetic codes;autoregressive moving average processes;data compression;frequency-domain analysis;geophysical signal processing;least squares approximations;poles and zeros;seismology;ARMA process;arithmetic coding;compression measures;equation-error structure;frequency domain implementation;least square error minimisation;lossless compression;pole-zero modeling;residual sequence;seismic signals;Arithmetic;Equations;Frequency domain analysis;Image coding;Least squares approximation;Least squares methods;Performance loss;Seismic measurements;Signal processing;Signal processing algorithms},
doi={10.1109/ISCAS.1997.612841}}
%%%%%%%%%%%%%%%%%%%%%%%%%%%%%%%%%%%%%%%%%%%%%%%%%%%
@ARTICLE{Artigo:lparmadenovo2,
author={Nijim, Y.W. and Stearns, Samuel D. and Mikhael, W.B.},
journal={Geoscience and Remote Sensing, IEEE Transactions on},
title={Quantitative performance evaluation of the lossless compression approach using pole-zero modeling},
year={2000},
month={Jan},
volume={38},
number={1},
pages={39-43},
address={Nova Iorque, EUA},
keywords={arithmetic codes;data compression;geophysical signal processing;seismology;algorithm;arithmetic coding;autoregressive moving-average process;data compression;equation-error structure;frequency domain;geophysical measurement technique;lossless compression;pole-zero model;pole-zero modeling;quantitative performance;rational function;seismic signal;seismology;signal processing;Arithmetic;Data compression;Equations;Frequency domain analysis;Image reconstruction;Laboratories;Loss measurement;Performance loss;Seismic measurements;Signal processing},
doi={10.1109/36.823899},
ISSN={0196-2892}}
%%%%%%%%%%%%%%%%%%%%%%%%%%%%%%%%%%%%%%%%%%%%%%%%%%%
@INPROCEEDINGS{Artigo:lpcomparacao,
author={Mandyam, G. and Magotra, Neeraj and McCoy, W.},
booktitle={Geoscience and Remote Sensing Symposium, 1996. IGARSS '96. 'Remote Sensing for a Sustainable Future.', International},
title={Lossless seismic data compression using adaptive linear prediction},
address={Lincoln, Nebraska, EUA},
year={1996},
month={May},
publisher = {IEEE},
volume={2},
pages={1029-1031 vol.2},
keywords={adaptive codes;adaptive signal processing;data compression;geophysical signal processing;geophysical techniques;seismology;adaptive linear prediction;adaptive linear predictor;adaptive signal processing;geophysical measurement technique;gradient adaptive lattice;lossless compression;lossless data compression;normalize least-mean square;recursive least squares lattice;seismic data compression;seismic waveform;seismology;Adaptive filters;Data compression;Decorrelation;Entropy;Equations;Finite impulse response filter;Lattices;Stochastic processes;Testing;Vectors},
doi={10.1109/IGARSS.1996.516556}}
%%%%%%%%%%%%%%%%%%%%%%%%%%%%%%%%%%%%%%%%%%%%%%%%%%%
@ARTICLE{Artigo:lpediferenciacaodenovo,
author={Nijim, Y.W. and Stearns, S.D. and Mikhael, W.B.},
journal={Geoscience and Remote Sensing, IEEE Transactions on},
title={Lossless compression of seismic signals using differentiation},
address={Nebraska, EUA},
city={Lincoln},
year={1996},
month={Jan},
volume={34},
number={1},
pages={52-56},
keywords={data compression;differentiation;geophysical signal processing;seismology;algorithm;computational complexity;data compression;differencing approach;differentiation;differentiator;geophysical measurement technique;lossless compression;seismic signal processing;seismic signals;seismology;Arithmetic;Background noise;Decoding;Frequency;Mathematical model;Predictive models;Taylor series},
doi={10.1109/36.481892},
ISSN={0196-2892}}
%%%%%%%%%%%%%%%%%%%%%%%%%%%%%%%%%%%%%%%%%%%%%%%%%%%
@INPROCEEDINGS{Artigo:lpemaistres,
author={Peterson, C.V. and Hutt, C.R.},
booktitle={Signals, Systems and Computers, 1992. 1992 Conference Record of The Twenty-Sixth Asilomar Conference on},
title={Lossless compression of seismic data},
year={1992},
publisher={IEEE},
address={Pacific Grove, Califórnia, EUA},
month={Oct},
pages={712-716 vol.2},
keywords={encoding;filtering and prediction theory;seismology;signal processing;CPU time;compression ratio;data samples;decompression;linear prediction;lossless compression;residue sequence encoding;seismic data;single-stage differencing;waveform data compression;Compression algorithms;Data communication;Data compression;Encoding;Frequency estimation;Frequency measurement;Geophysics;Instruments;Laboratories;Telemetry},
doi={10.1109/ACSSC.1992.269103},
ISSN={1058-6393}}
%%%%%%%%%%%%%%%%%%%%%%%%%%%%%%%%%%%%%%%%%%%%%%%%%%%
@INPROCEEDINGS{Artigo:linearmelhor,
author={Spanias, A.S. and Jonsson, S.B. and Stearns, S.D.},
booktitle={Circuits and Systems, 1990., IEEE International Symposium on},
title={Transform coding algorithms for seismic data compression},
year={1990},
address={Nova Orleães, Luisiana, EUA},
publisher={IEEE},
month={May},
pages={1573-1576 vol.2},
keywords={data compression;encoding;fast Fourier transforms;seismology;transforms;150 to 550 bit/s;Karhunen-Loeve transform;Walsh-Hadamard transform;bit rate;data rates;discrete Fourier transform;discrete cosine transform;discrete orthogonal transforms;linear prediction;seismic data compression;subband transform coding;Data compression;Discrete Fourier transforms;Discrete cosine transforms;Fourier transforms;Karhunen-Loeve transforms;Laboratories;Modulation coding;Pulse modulation;Signal processing;Transform coding},
doi={10.1109/ISCAS.1990.112435}}
%%%%%%%%%%%%%%%%%%%%%%%%%%%%%%%%%%%%%%%%%%%%%%%%%%%
@inproceedings{Artigo:lpjanela,
author={Fan, J. and Kirlin, R.L. and Stearns, Samuel D.},
booktitle={Circuits and Systems, 1994., Proceedings of the 37th Midwest Symposium on},
title={Enhancements of bi-level coding for seismic waveform compression},
year={1994},
month={Aug},
volume={2},
address={Lafayette, Luisiana, EUA},
publisher = {IEEE},
pages={931-934 vol.2},
keywords={block codes;geophysical signal processing;linear predictive coding;optimisation;runlength codes;seismology;source coding;variable length codes;waveform analysis;bi-level coding;computation time;lossless waveform coding;multi-variable optimization;predictor order selection;run-length coding;seismic waveform compression;variable block lengths;Arithmetic;Contracts;Decoding;Encoding;Geology;Laboratories;Milling machines;Optimization methods;Performance evaluation;Statistical analysis;Testing;Visual system},
doi={10.1109/MWSCAS.1994.518964}}
%%%%%%%%%%%%%%%%%%%%%%%%%%%%%%%%%%%%%%%%%%%%%%%%%%%
@INPROCEEDINGS{Artigo:lpmenosvariancia,
author={Nijim, Y.W. and Stearns, Samuel D. and Mikhael, W.B.},
booktitle={Circuits and Systems, 1994., Proceedings of the 37th Midwest Symposium on},
title={Evaluation of differentiation for lossless compression of several signal classes},
year={1994},
publisher = {IEEE},
month={Aug},
address={Lafayette, Luisiana, EUA},
volume={2},
pages={939-942 vol.2},
keywords={data compression;differentiation;geophysical signal processing;linear predictive coding;seismology;adaptive linear predictor;differentiation;lossless compression;seismic data;signal classes;Frequency;Performance loss;Taylor series;Yield estimation},
doi={10.1109/MWSCAS.1994.518966}}
%%%%%%%%%%%%%%%%%%%%%%%%%%%%%%%%%%%%%%%%%%%%%%%%%%%
@INPROCEEDINGS{Artigo:lpearma,
author={Nijim, Y.W. and Stearns, Samuel D. and Mikhael, W.B.},
booktitle={Circuits and Systems, 1995. ISCAS '95., 1995 IEEE International Symposium on},
title={Lossless compression of seismic signals using least square, frequency domain pole-zero modeling},
address={Seattle, Washington, EUA},
year={1995},
publisher = {IEEE},
month={Apr},
volume={2},
pages={1106-1109 vol.2},
keywords={autoregressive moving average processes;data compression;fast Fourier transforms;frequency-domain analysis;geophysical signal processing;least mean squares methods;poles and zeros;seismology;signal reconstruction;ARMA process;FFT;computational efficiency;equation-error structure;frequency domain pole-zero modeling;least square error minimization;lossless compression;lossless differentiator methods;lossless linear predictor;residual entropy;root mean square error;seismic signals;signal recovery;Equations;Frequency domain analysis;Image coding;Least squares approximation;Least squares methods;Performance loss;Poles and zeros;Signal processing;Signal processing algorithms;Speech processing},
doi={10.1109/ISCAS.1995.520340}}
%%%%%%%%%%%%%%%%%%%%%%%%%%%%%%%%%%%%%%%%%%%%%%%%%%%
@INPROCEEDINGS{Artigo:lpparalelizado,
author={Kiely, A.B. and Mingsen Xu and Wen-Zhan Song and Renjie Huang and Shirazi, B.},
booktitle={Pervasive Computing and Communications, 2009. PerCom 2009. IEEE International Conference on},
title={Adaptive Linear Filtering Compression on realtimeensor networks},
publisher = {IEEE},
year={2009},
month={March},
pages={1-10},
keywords={adaptive filters;arithmetic codes;data compression;decoding;encoding;prediction theory;wireless sensor networks;adaptive linear filtering compression;decoding;encoding;entropy coding;fixed-length packet;integer arithmetic operation;lightweight lossless compression algorithm;predictive compression;realtime sensor network;Adaptive systems;Compression algorithms;Decoding;Encoding;Entropy coding;Filtering algorithms;Floating-point arithmetic;Maximum likelihood detection;Prediction algorithms;Robustness},
doi={10.1109/PERCOM.2009.4912775}}
%%%%%%%%%%%%%%%%%%%%%%%%%%%%%%%%%%%%%%%%%%%%%%%%%%%
@INPROCEEDINGS{Artigo:lppcm,
author={Fargues, M. and Stearns, Samuel D. and Coutu, G.},
booktitle={Circuits and Systems, 1994., Proceedings of the 37th Midwest Symposium on},
title={Seismic data compression using adaptive filters},
address={Lafayette, Luisiana, EUA},
year={1994},
month={Aug},
volume={2},
pages={957-960 vol.2},
publisher = {IEEE},
keywords={FIR filters;adaptive filters;adaptive signal processing;data compression;differential pulse code modulation;geophysical signal processing;seismology;FIR filter scheme;adaptive differential pulse code modulation;adaptive filter parameters;adaptive filters;frequency selective scheme;geophysical signal processing;integer residual sequence;lossless successive difference operation;seismic data compression;two-stage lossless method;unfiltered data values;waveform data compression;Adaptive filters;Data compression;Data engineering;Dynamic range;Encoding;Finite impulse response filter;Frequency;Modulation coding;Propagation losses;Pulse modulation},
doi={10.1109/MWSCAS.1994.518970}}
%%%%%%%%%%%%%%%%%%%%%%%%%%%%%%%%%%%%%%%%%%%%%%%%%%%
@INPROCEEDINGS{Artigo:lpsemfio,
author={Savazzi, S. and Molteni, D. and Spagnolini, U.},
booktitle={Personal Indoor and Mobile Radio Communications (PIMRC), 2010 IEEE 21st International Symposium on},
title={Energy-aware compress and forward systems for wireless monitoring of time-varying fields},
year={2010},
address={Istambul, Turquia},
publisher={IEEE},
month={Sept},
pages={1384-1389},
keywords={access protocols;channel coding;linear predictive coding;sensor arrays;source coding;wireless sensor networks;channel coding;communication protocol;dense monitoring;energy-aware compress and forward systems;linear predictive encoding;linear sensor networks;medium access control;seismic monitoring application;sensor arrays;source coding;time-varying 2D field;time-varying fields;wireless monitoring;wireless sensor networks;Correlation;Interference;Optimization;Routing;Sensor arrays;Tin},
doi={10.1109/PIMRC.2010.5672000}}
%%%%%%%%%%%%%%%%%%%%%%%%%%%%%%%%%%%%%%%%%%%%%%%%%%%
@ARTICLE{Artigo:multiplepasses,
author={Ives, R.W. and Magotra, Neeraj and Stearns, Samuel D.},
journal={Geoscience and Remote Sensing, IEEE Transactions on},
title={Effects of multiple-pass filtering in lossless predictive compression of waveform data},
year={2002},
month={Nov},
volume={40},
address = {Cáceres, Espanha},
number={11},
pages={2448-2453},
keywords={data compression;filtering theory;geophysical signal processing;seismology;adaptive filter;adaptive signal processing;coding schemes;data compression technique;decorrelation;entropy coder;gradient adaptive lattice filter;lossless predictive compression;multiple-pass filtering;multiple-pass predictive filtering;predictive filtering;predictor;seismic database;seismic waveform data;two-stage lossless compression algorithm;Adaptive filters;Data compression;Decorrelation;Dynamic range;Event detection;Filtering;Signal processing;Signal processing algorithms;Statistics;Wiener filter},
doi={10.1109/TGRS.2002.805081},
ISSN={0196-2892}}
%%%%%%%%%%%%%%%%%%%%%%%%%%%%%%%%%%%%%%%%%%%%%%%%%%%
@INPROCEEDINGS{Artigo:naolinearestat,
author={Khene, M.F. and Abdul-Jauwad, S. H.},
booktitle={Statistical Signal and Array Processing, 2000. Proceedings of the Tenth IEEE Workshop on},
title={Adaptive seismic compression by wavelet shrinkage},
address={Pocono Manor, Pensilvânia, Estados Unidos},
year={2000},
publisher={IEEE},
pages={544-548},
keywords={adaptive signal processing;data compression;discrete wavelet transforms;geophysical signal processing;seismology;signal resolution;statistical analysis;wavelet transforms;2D biorthogonal discrete wavelet transform;Stein's unbiased risk estimate;adaptive nonlinear statistical method;adaptive scale-dependent thresholds;adaptive seismic compression;detail wavelet coefficients;marine seismic data;multichannel seismic signals;scale-dependent nonlinear soft-thresholding rule;sparse multiresolution subband decomposition;time-scale transform;wavelet shrinkage;Discrete wavelet transforms;Earth;Image coding;Petroleum;Sea surface;Signal generators;Signal resolution;Space technology;Statistical analysis;Surface acoustic waves},
doi={10.1109/SSAP.2000.870184}}
%%%%%%%%%%%%%%%%%%%%%%%%%%%%%%%%%%%%%%%%%%%%%%%%%%%
@INPROCEEDINGS{Artigo:nenhumamudanca,
author={Honea, D.M. and Stearns, Samuel D.},
booktitle={Signals, Systems and Computers, 1993. 1993 Conference Record of The Twenty-Seventh Asilomar Conference on},
title={Lossless waveform compression: a case study},
address = {Pacific Grove, Califórnia, EUA},
year={1993},
month={Nov},
publisher={IEEE},
pages={1514-1518 vol.2},
keywords={data compression;entropy;linear predictive coding;seismology;bilevel encoding;compression ratio;computing time;data compression;linear predictor;lossless waveform compression;maximum-entropy compression limit;seismic data;standard data set;two-stage predictive compression;Background noise;Computer aided software engineering;Data compression;Data engineering;Frequency;Laboratories;Performance loss;Sampling methods;Satellites;Telemetry},
doi={10.1109/ACSSC.1993.342360},
ISSN={1058-6393}}
%%%%%%%%%%%%%%%%%%%%%%%%%%%%%%%%%%%%%%%%%%%%%%%%%%%
@INPROCEEDINGS{Artigo:pcalinenaolin,
author={Reddy, T.A. and Devi, K.R. and Gangashetty, S.V.},
booktitle={Recent Advances in Information Technology (RAIT), 2012 1st International Conference on},
title={Nonlinear principal component analysis for seismic data compression},
year={2012},
address={Dhanbad, Índia},
publisher={IEEE},
month={March},
pages={927-932},
keywords={Karhunen-Loeve transforms;data compression;geophysical signal processing;neural nets;principal component analysis;seismic waves;AANN model;KLT;Karhunen-Loeve transform;PCA;autoassociative neural network model;computationally intensive;data dimensionality;data generalization;data intensive;distribution capturing;linear compression;linear principal component analysis;nonlinear principal component analysis;seismic data compression;seismic data processing;seismic interpretations;seismic signal processing;subsurface features;Data compression;Earth;Earthquakes;Principal component analysis;Seismic waves;Surface waves;Vectors;Autoassociatve neural network models;Data compression;Distribution capturing;Nonlinear principal component analysis;Principal component analysis;Seismic wave},
doi={10.1109/RAIT.2012.6194558}}
%%%%%%%%%%%%%%%%%%%%%%%%%%%%%%%%%%%%%%%%%%%%%%%%%%%
@article{Artigo:rnheteros,
title = "Designing a neural network for forecasting financial and economic time series",
journal = "Neurocomputing ",
volume = "10",
number = "3",
pages = "215 - 236",
address = "Amsterdã, Holanda",
year = "1996",
note = "Financial Applications, Part \{II\} ",
issn = "0925-2312",
author = "Iebeling Kaastra and Milton Boyd"}
%%%%%%%%%%%%%%%%%%%%%%%%%%%%%%%%%%%%%%%%%%%%%%%%%%%
@article{Artigo:Stack,
  author = {Liu, Guochang and Fomel, Sergey and Jin, Long and Chen, Xiaohong},
  day = 1,
  doi = {10.1190/1.3085643},
  interhash = {e4a6074697892e6216f242030eca8c5d},
  intrahash = {4809ca9f39131f0d544dd7cd59c28080},
  journal = {Geophysics},
  keywords = {geophysics processing seismics},
  month = may,
  number = 3,
  pages = {V43--48},
  publisher = {SEG},
  address={Tulsa, Oklahoma, EUA},
  timestamp = {2012-09-01T13:08:21.000+0200},
  title = {Stacking seismic data using local correlation},
  volume = 74,
  year = 2009
}
%%%%%%%%%%%%%%%%%%%%%%%%%%%%%%%%%%%%%%%%%%%%%%%%%%%
@ARTICLE{Artigo:stearn,
author={Stearns, S.D.},
journal={Signal Processing, IEEE Transactions on},
title={Arithmetic coding in lossless waveform compression},
year={1995},
publisher={IEEE},
address={Nova Iorque, EUA},
volume={43},
number={8},
pages={1874-1879},
keywords={arithmetic codes;data compression;geophysical signal processing;linear predictive coding;seismology;sequences;speech coding;waveform analysis;Gaussian amplitude distribution;arithmetic coding;digitized waveform data;lossless linear prediction;lossless waveform compression;residue sequence;seismic waveforms;speech waveforms;symbol table;white spectrum;Arithmetic;Binary sequences;Data compression;Decorrelation;Encoding;Gaussian distribution;Speech;Telemetry},
doi={10.1109/78.403346},
ISSN={1053-587X}}
%%%%%%%%%%%%%%%%%%%%%%%%%%%%%%%%%%%%%%%%%%%%%%%%%%%
@INPROCEEDINGS{Artigo:stearnsincompleto,
author={Stearns, Samuel D.},
booktitle={Data Compression Conference, 1991. DCC '91.},
address={Snowbird, Utah, EUA},
publisher={IEEE},
title={Waveform data compression with exact recovery},
year={1991},
month={Apr},
pages={464-},
keywords={data compression;encoding;seismic waves;waveform analysis;bi-level sequence coding;bit-for-bit recovery;data compression technique;linear predictive coding;seismic waveform data;Data communication;Data compression;Encoding;Information retrieval;Instruments;Laboratories;Linear predictive coding;Narrowband;Telemetry;Testing},
doi={10.1109/DCC.1991.213297}}
%%%%%%%%%%%%%%%%%%%%%%%%%%%%%%%%%%%%%%%%%%%%%%%%%%%
@INPROCEEDINGS{Artigo:transformadainteiro,
author={Fan Zheng and Shufen Liu},
booktitle={Information and Communication Technologies (WICT), 2012 World Congress on},
title={A fast compression algorithm for seismic data from non-cable seismographs},
year={2012},
month={Oct},
address={Thiruvananthapuram, Índia},
publisher={IEEE},
pages={1215-1219},
keywords={geophysical techniques;matrix algebra;seismic waves;seismometers;wavelet transforms;compression output;compression ratio;data processing;fast compression algorithm;frequency wavelet coefficients;integer wavelet transform;lossless encoding;noncable seismographs;one-dimensional matrixes;parallel seismic data compression;scalar quantized;seismic data storage characteristics;time signals;transform domain;two-dimensional matrixes;two-dimensional wavelet transform;Algorithm design and analysis;Communications technology;Data compression;Educational institutions;Wavelet coefficients;non-cable seismograph;parrallel;seismic data compression;wavelet},
doi={10.1109/WICT.2012.6409260}}
%%%%%%%%%%%%%%%%%%%%%%%%%%%%%%%%%%%%%%%%%%%%%%%%%%%
@article{Artigo:VitterDynamicHuffman,
 author = {Vitter, Jeffrey Scott},
 title = {Design and Analysis of Dynamic Huffman Codes},
 journal = {J. ACM},
 issue_date = {Oct. 1987},
 volume = {34},
 number = {4},
 month = oct,
 year = {1987},
 issn = {0004-5411},
 pages = {825--845},
 numpages = {21},
  doi = {10.1145/31846.42227},
 acmid = {42227},
 publisher = {ACM},
 address = {New York, NY, USA}} 
 %%%%%%%%%%%%%%%%%%%%%%%%%%%%%%%%%%%%%%%%%%%%%%%%%%%
@inproceedings{Artigo:volcano,
 author = {Liu, Guojin and Tan, Rui and Zhou, Ruogu and Xing, Guoliang and Song, Wen-Zhan and Lees, Jonathan M.},
 title = {Volcanic Earthquake Timing Using Wireless Sensor Networks},
 booktitle = {Proceedings of the 12th International Conference on Information Processing in Sensor Networks},
 series = {IPSN '13},
 year = {2013},
 isbn = {978-1-4503-1959-1},
 location = {Philadelphia, Pennsylvania, USA},
 pages = {91--102},
 numpages = {12},
 doi = {10.1145/2461381.2461396},
 acmid = {2461396},
 publisher = {ACM},
 address = {New York, NY, USA},
 keywords = {compressive sampling, hypocenter estimation, p-phase picking, volcano monitoring, wireless sensor network}
}
%%%%%%%%%%%%%%%%%%%%%%%%%%%%%%%%%%%%%%%%%%%%%%%%%%%
@article{Artigo:KnuthDynamicHuffman,
title = "Dynamic huffman coding ",
journal = "Journal of Algorithms ",
address = "Amsterdã, Holanda",
volume = "6",
number = "2",
pages = "163 - 180",
year = "1985",
issn = "0196-6774",
author = "Donald E Knuth"
}
%%%%%%%%%%%%%%%%%%%%%%%%%%%%%%%%%%%%%%%%%%%%%%%%%%%
@book{Book:IntroductionToDataCompression,
  Author = {Khalid Sayood},
  Title = {Introduction to Data Compression (The Morgan Kaufmann Series in Multimedia Information and Systems)},
  Publisher = {Morgan Kaufmann},
  address={Burlington, Massachusetts, EUA},
  Year = {2005},
  ISBN = {9780126208627}
}
%%%%%%%%%%%%%%%%%%%%%%%%%%%%%%%%%%%%%%%%%%%%%%%%%%%
@book{Book:LosslessCompressionHandbook,
  Author = {Khalid Sayood},
  Title = {Lossless Compression Handbook (Communications, Networking and Multimedia)},
  Publisher = {Academic Press},
  address={Waltham, Massachusetts, EUA},
  Year = {2003},
  ISBN = {0126208611}
}
%%%%%%%%%%%%%%%%%%%%%%%%%%%%%%%%%%%%%%%%%%%%%%%%%%%
@book{Book:DataCompressionTheCompleteReference,
  Author = {David Salomon},
  Title = {Data Compression: The Complete Reference},
  Publisher = {Springer},
  address = {Nova Iorque, EUA},
  Year = {2004},
  ISBN = {0387406972}
}
%%%%%%%%%%%%%%%%%%%%%%%%%%%%%%%%%%%%%%%%%%%%%%%%%%%
@article{Artigo:ArithmeticCoding,
 author = {Witten, Ian H. and Neal, Radford M. and Cleary, John G.},
 title = {Arithmetic Coding for Data Compression},
 journal = {Commun. ACM},
 issue_date = {June 1987},
 volume = {30},
 number = {6},
 month = jun,
 year = {1987},
 issn = {0001-0782},
 pages = {520--540},
 numpages = {21},
 doi = {10.1145/214762.214771},
 acmid = {214771},
 publisher = {ACM},
 address = {New York, NY, USA}
}
%%%%%%%%%%%%%%%%%%%%%%%%%%%%%%%%%%%%%%%%%%%%%%%%%%%
@book{Book:ArithmeticCoding,
  Author = {Norman Abramson},
  Title = {Information theory and coding},
  Publisher = {McGraw Hill},
  Address = {New York, NY, USA},
  Year = {1963},
  ISBN = {0070001456}
}
%%%%%%%%%%%%%%%%%%%%%%%%%%%%%%%%%%%%%%%%%%%%%%%%%%%
@book{Book:HuffmanWinZip,
  title={Explorations in Computer Science},
  author={Meyer, M.},
  isbn={9780763738327},
  lccn={2005030302},
  series={Jones and Bartlett illuminated series},
  year={2005},
  publisher={Jones and Bartlett Publishers},
  address={Burlington, Massachusetts, EUA}
}
%%%%%%%%%%%%%%%%%%%%%%%%%%%%%%%%%%%%%%%%%%%%%%%%%%%
@book{Book:HuffmanWinZip2,
  title={UNIX For Dummies},
  author={Levine, J.R. and Young, M.L.},
  isbn={9781118043905},
  year={2011},
  publisher={Wiley}, 
  address = {Hoboken, Nova Jérsei, EUA}
}
%%%%%%%%%%%%%%%%%%%%%%%%%%%%%%%%%%%%%%%%%%%%%%%%%%%
@MastersThesis{Dissertacao:puc2,
author = {Ana Cecília Campello Pereira Porto Soares},
title = {Métodos Geofísicos em Obras Lineares},
school = {Programa de PósGraduação em Engenharia Civil da PUC-Rio},
year = {2009}
}
%%%%%%%%%%%%%%%%%%%%%%%%%%%%%%%%%%%%%%%%%%%%%%%%%%%
@ARTICLE{Article:twostagecompression,
author={Stearns, Samuel D. and Tan, L.-Z. and Magotra, Neeraj},
journal={Geoscience and Remote Sensing, IEEE Transactions on},
title={Lossless compression of waveform data for efficient storage and transmission},
year={1993},
publisher={IEEE},
address={Nova Iorque, EUA},
volume={31},
number={3},
pages={645-654},
doi={10.1109/36.225531},
ISSN={0196-2892}}
%%%%%%%%%%%%%%%%%%%%%%%%%%%%%%%%%%%%%%%%%%%%%%%%%%%
@Book{Livro:analiseseriestemporais,
author = {Pedro A. Morettin and Clélia M. C. Toloi},
title = {Análise de Séries Temporais},
publisher = {Blucher},
year = {2008},
series = {ABE - Projeto Fisher},
address={São Paulo, SP, Brasil},
edition = {2}
}
%%%%%%%%%%%%%%%%%%%%%%%%%%%%%%%%%%%%%%%%%%%%%%%%%%%
@Book{Livro:autocorrelacao,
  title={Uma introdu{\c{c}}{\~a}o {\`a} econometria},
  author={Ana Amaro},
  isbn={9781445263687},
  year={2010},
  address = {Hillsborough St Raleigh, NC, USA},
  publisher={Lulu Enterprises Incorporated}
}
%%%%%%%%%%%%%%%%%%%%%%%%%%%%%%%%%%%%%%%%%%%%%%%%%%%
@book{Livro:box1976times,
  title={Times Series Analysis: Forecasting and Control},
  author={Box, G.E.P. and Jenkins, G.M.},
  series={Holden-Day series in time series analysis and digital processing},
  year={1976},
  publisher={Holden-Day},
  address = {Hampshire, Inglaterra, Reino Unido}
}
%%%%%%%%%%%%%%%%%%%%%%%%%%%%%%%%%%%%%%%%%%%%%%%%%%%
@book{Livro:cormen,
  Author = {Thomas H. Cormen and Charles E. Leiserson and Ronald L. Rivest and Clifford Stein},
  Title = {Introduction to Algorithms},
  Publisher = {The MIT Press},
  Year = {2009},
  ISBN = {0262033844},
  address = {Cambridge, Massachusetts, EUA}
}
%%%%%%%%%%%%%%%%%%%%%%%%%%%%%%%%%%%%%%%%%%%%%%%%%%%
@book{Livro:crostamantonucleo1,
  title={Rochas magm{\'a}ticas conceitos fundamentais e classifica{\c{c}}{\~a}o modal, qu{\'\i}mica, termodin{\^a}mica e tect{\^o}nica},
  author={Wernick, E.},
  isbn={9788571395282},
  url={http://books.google.com.br/books?id=6s7EcMsi5sIC},
  year={2004},
  publisher={UNESP},
  address={São Paulo, SP, Brasil}
}
%%%%%%%%%%%%%%%%%%%%%%%%%%%%%%%%%%%%%%%%%%%%%%%%%%%
@book{Livro:crostamantonucleo2,
  title={Biologia Marinha},
  author={Huber, P.C.M.E.},
  isbn={9788580551037},
  publisher={McGraw Hill Brasil},
  address = {Nova Iorque, EUA},
  year={2012}
}
%%%%%%%%%%%%%%%%%%%%%%%%%%%%%%%%%%%%%%%%%%%%%%%%%%%
@book{Livro:estatisticaadmeeconomia,
  title={Estat{\'\i}stica Aplicada {\`a} Administra{\c{c}}{\~a}o e {\`a} Economia},
  author={Seward, D.P.D.L.E.},
  year={2008},
  isbn={9788563308962},
  url={http://books.google.com.br/books?id=-9Fd\_wkqtMgC},
  publisher={McGraw Hill},
  address={Brasil}
}
%%%%%%%%%%%%%%%%%%%%%%%%%%%%%%%%%%%%%%%%%%%%%%%%%%%
@book{Livro:matlab,
  Author = {Wail A. Mousa and Abdullatif A. Al-Shuhail},
  Title = {Processing of Seismic Reflection Data Using MATLAB},
  Publisher = {Morgan \& Claypool Publishers},
  Year = {2011},
  ISBN = {1608457923},
  address={Califórnia, EUA}
}
%%%%%%%%%%%%%%%%%%%%%%%%%%%%%%%%%%%%%%%%%%%%%%%%%%%
@book{LIVRO:Optimization,
  Author = {Jorge Nocedal and Stephen Wright},
  Title = {Numerical Optimization (Springer Series in Operations Research and Financial Engineering)},
  Publisher = {Springer},
  address={Amsterdã, Holanda},
  chapter = {18},
  Year = {2000},
  ISBN = {0387987932}
}
%%%%%%%%%%%%%%%%%%%%%%%%%%%%%%%%%%%%%%%%%%%%%%%%%%%
@book{Livro:racionalenergia,
  title={O uso racional da energia},
  author={Dias, R.A.},
  isbn={9788571396814},
  year={2006},
  publisher={Unesp},
  address = {São Paulo, SP, Brasil}
}
%%%%%%%%%%%%%%%%%%%%%%%%%%%%%%%%%%%%%%%%%%%%%%%%%%%
@book{Livro:serietemporal2,
  title={Benchmarking, Temporal Distribution, and Reconciliation Methods for Time Series},
  author={Dagum, E.B. and Cholette, P.A.},
  isbn={9780387354392},
  lccn={2005938354},
  series={Lecture notes in statistics},
  year={2006},
  publisher={Springer},
  address = {Nova Iorque, EUA}
}
%%%%%%%%%%%%%%%%%%%%%%%%%%%%%%%%%%%%%%%%%%%%%%%%%%%
@book{Livro:telford1990,
  title={Applied Geophysics},
  author={Telford, W.W.M. and W. M. Telford and Geldart, L.P. and Sheriff, R.E.},
  isbn={9780521339384},
  lccn={lc88038761},
  series={Monograph series},
  year={1990},
  publisher={Cambridge University Press},
  address={Cambridge, Inglaterra, Reino Unido}
}
%%%%%%%%%%%%%%%%%%%%%%%%%%%%%%%%%%%%%%%%%%%%%%%%%%%
@book{Livro:whitle1951hypothesis,
  title={Hypothesis Testing in Time Series Analysis},
  author={Whitle, P.},
  lccn={52021616},
  series={Statistics},
  year={1951},
  publisher={Almqvist \& Wiksells},
  address={Cambridge, Inglaterra, Reino Unido}
}
%%%%%%%%%%%%%%%%%%%%%%%%%%%%%%%%%%%%%%%%%%%%%%%%%%%
@Book{Livro:yilmaz_vol_i,
author = {Oz Yilmaz},
title = {Seismic Data Analysis. Processing, Inversion, and Interpretation of Seismic Data},
publisher = {Society of Exploration Geophysicists},
year = {2001},
address={Oklahoma, EUA},
series = {Investigations in Geophysics}
}
%%%%%%%%%%%%%%%%%%%%%%%%%%%%%%%%%%%%%%%%%%%%%%%%%%%
@Manual{Manual:anp,
title = {PADRÃO ANP1B Formatação e Procedimentos para a Entrega de Dados Sísmicos},
author = {ANP},
address = {Brasília, DF, Brasil},
organization = {Agência Nacional do Petróleo},
month = {Dezembro},
year = {2004}
}
%%%%%%%%%%%%%%%%%%%%%%%%%%%%%%%%%%%%%%%%%%%%%%%%%%%
@Manual{Manual:segy,
title = {SEG Y rev 1 Data Exchange format},
organization = {SEG Technical Standards Committee},
publisher = {SEG},
address={Tulsa, Oklahoma, EUA},
month = {Maio},
year = {2002}
}
%%%%%%%%%%%%%%%%%%%%%%%%%%%%%%%%%%%%%%%%%%%%%%%%%%%
@TechReport{tp:bitmask,
author = {Weixun Wang AND Prabhat Mishra},
title = {A Partitioned Bitmask-based Technique for Lossless Seismic Data Compression},
institution = {University of Florida},
year = {2008},
address = {Gainesville, Flórida, Estados Unidos},
month = {Maio}
}
%%%%%%%%%%%%%%%%%%%%%%%%%%%%%%%%%%%%%%%%%%%%%%%%%%%
@TechReport{RelatorioTecnico:ProgQuad,
author = {Fernanda Teles Nunes AND Maria Aparecida Diniz-Ehrhardt},
title = {Programação Quadrática Sequencial e Condições de Qualificação},
institution = {Universidade Estadual de Campinas},
address = {Campinas, São Paulo, Brasil},
year = {2010}
}
%%%%%%%%%%%%%%%%%%%%%%%%%%%%%%%%%%%%%%%%%%%%%%%%%%%
@Unpublished{NaoPublicado:OptimizationI,
author = {Ronald H. W. Hoppe},
title = {Optimization Theory},
note = {Disponível em~\url{http://www.math.uh.edu/~rohop/fall_06/}. Acesso em 26/06/2014 às 23:51},
year = {2006}
}
